@article{colitti2011integrating,
  title={Integrating Wireless Sensor Networks with the Web},
  author={Colitti, Walter and Steenhaut, Kris and De Caro, Niccol{\`o}},
  journal={Extending the Internet to Low powerand Lossy Networks (IP+ SN 2011)},
  year={2011}
}

@ARTICLE{6159216, 
author={Bormann, C. and Castellani, A.P. and Shelby, Z.}, 
journal={Internet Computing, IEEE}, title={CoAP: An Application Protocol for Billions of Tiny Internet Nodes}, 
year={2012}, 
volume={16}, 
number={2}, 
pages={62-67}, 
keywords={Internet;transport protocols;HTTP;Internet nodes;Internet of Things;REST architectural style;UDP;constrained application protocol;historical baggage;transfer protocol;IP networks;Internet;Machine intelligence;Protocols;Servers;Service oriented architecture;Wireless sensor networks;6LoWPAN;CoAP;Constrained RESTful Environments (CoRE);Internet of Things;REST;Web of things;constrained nodes and networks;embedded Internet;machine-to-machine (M2M) communication;smart objects;wireless sensor networks}, 
doi={10.1109/MIC.2012.29}, 
ISSN={1089-7801},}

@INPROCEEDINGS{6364271, 
author={Agarwal, S.}, 
booktitle={Communications (ICC), 2012 IEEE International Conference on}, title={Real-time web application roadblock: Performance penalty of HTML sockets}, 
year={2012}, 
pages={1225-1229}, 
keywords={3G mobile communication;Internet;authorisation;cellular radio;hypermedia markup languages;transport protocols;3G cellular data Internet connections;HTML socket streams;HTML5 Web sockets;HTTP proxies;HTTPS protocols;XHR-polling;data payload delivery delay;raw TCP streams;real-time Web application roadblock;security firewalls;Browsers;Delay;HTML;Internet;Protocols;Servers;Sockets}, 
doi={10.1109/ICC.2012.6364271}, 
ISSN={1550-3607},}

@INPROCEEDINGS{6477541, 
author={Mandyam, G.D.}, 
booktitle={Globecom Workshops (GC Wkshps), 2012 IEEE}, title={Power-efficient persistent web-based cellular connectivity}, 
year={2012}, 
pages={40-45}, 
keywords={Internet;cellular radio;radio access networks;transport protocols;TCP connection;Web client;Web services;Web transactions;WebSockets;cellular wireless access;power-efficient persistent Web-based cellular connectivity;protocol;request-response model;two-way communications;Batteries;Browsers;Discharges (electric);Protocols;Servers;Standards;Web services;AJAX;WebSockets;battery life}, 
doi={10.1109/GLOCOMW.2012.6477541},}

@misc{o2005web,
  title={What is web 2.0},
  author={O’reilly, Tim},
  year={2005}
}

@misc{ArchitectWorldWideWebVolumeOne,
  title={Architecture of the World Wide Web, Volume One},
  author={acobs, Ian; Walsh, Norman},
  year={2004}
}

@article{Lewis:2006:WEB:1217666.1217669,
 author = {Lewis, Daniel},
 title = {What is web 2.0?},
 journal = {Crossroads},
 issue_date = {September 2006},
 volume = {13},
 number = {1},
 month = sep,
 year = {2006},
 issn = {1528-4972},
 pages = {3--3},
 numpages = {1},
 url = {http://doi.acm.org/10.1145/1217666.1217669},
 doi = {10.1145/1217666.1217669},
 acmid = {1217669},
 publisher = {ACM},
 address = {New York, NY, USA}
} 

@misc{rfc64552012web,
  title={The Web Socket Protocol},
  author={RFC6455, IETF},
  year={2012},
  publisher={Last viewed Oct}
}

@article{lubbers2010html5,
  title={HTML5 web sockets: A quantum leap in scalability for the web},
  author={Lubbers, Peter and Greco, Frank},
  journal={SOA World Magazine},
  year={2010}
}

@misc{fielding1999hypertext,
  title={Hypertext transfer protocol--HTTP/1.1},
  author={Fielding, Roy and Gettys, Jim and Mogul, Jeffrey and Frystyk, Henrik and Masinter, Larry and Leach, Paul and Berners-Lee, Tim},
  year={1999},
  publisher={RFC 2616, June}
}

@misc{garrett2005ajax,
  title={Ajax: A new approach to web applications},
  author={Garrett, Jesse James and others},
  year={2005}
}

@article{postel2003rfc,
  title={RFC 793: Transmission control protocol, September 1981},
  author={Postel, Jon},
  journal={Status: Standard},
  year={2003}
}

@book{gundavaram1996cgi,
  title={CGI programming on the World Wide Web},
  author={Gundavaram, Shishir},
  year={1996},
  publisher={O'Reilly \& Associates}
}

@article{crockford2006application,
  title={The application/json media type for javascript object notation (json)},
  author={Crockford, Douglas},
  year={2006}
}

@article{masinter2005uniform,
  title={Uniform resource identifier (URI): Generic syntax},
  author={Masinter, Larry and Berners-Lee, Tim and Fielding, Roy T},
  year={2005}
}

@article{hapner2012messagebroker,
  title={The MessageBroker WebSocket Subprotocol},
  author={Hapner, Mark and Suconic, Clebert},
  year={2012}
}

@article{gudginsoap,
  title={SOAP Version 1.2 Part 1: Messaging Framework. W3C Recommendation, 2007},
  author={Gudgin, Martin and Hadley, Marc and Mendelsohn, Noah and Moreau, Jean-Jacques and Nielsen, Henrik Frystyk and Karmarkar, A and Lafon, Y}
}

@article{gudgin2007soap,
  title={SOAP Version 1.2 Part 2: Adjuncts (W3C Recommendation)},
  author={Gudgin, Martin and Hadley, Marc and Mendelsohn, Noah and Moreau, Jean-Jacques and Nielsen, Henrik Frystyk and Karmarkar, A and Lafon, Y},
  journal={World Wide Web Consortium (W3C)},
  year={2007}
}

@article{ashton2009internet,
  title={That ‘Internet of Things’ Thing},
  author={Ashton, Kevin},
  journal={RFiD Journal},
  volume={22},
  pages={97--114},
  year={2009}
}

@article{atzori2010internet,
  title={The internet of things: A survey},
  author={Atzori, Luigi and Iera, Antonio and Morabito, Giacomo},
  journal={Computer Networks},
  volume={54},
  number={15},
  pages={2787--2805},
  year={2010},
  publisher={Elsevier}
}

@article{infso2008networked,
  title={Networked Enterprise \& RFID INFSO G. 2 Micro \& Nanosystems, in co-operation with the Working Group RFID of the ETP EPOSS, Internet of Things in 2020, Roadmap for the Future [R]},
  author={INFSO, D},
  journal={Information Society and Media, Tech. Rep},
  year={2008}
}

@article{sterling2005shaping,
  title={Shaping things},
  author={Sterling, Bruce},
  year={2005},
  publisher={MIT press}
}

@INPROCEEDINGS{Madlmayr:SecurityandPrivacy, 
author={Madlmayr, G. and Langer, J. and Kantner, C. and Scharinger, J.}, 
booktitle={Availability, Reliability and Security, 2008. ARES 08. Third International Conference on}, title={NFC Devices: Security and Privacy}, 
year={2008}, 
month={march}, 
pages={642 -647}, 
keywords={data privacy;near field communication device;security of data;data privacy;security of data;}, 
doi={10.1109/ARES.2008.105}, }

@article{stankovic2008sensor,
  title={When sensor and actuator networks cover the world},
  author={Stankovic, John A},
  journal={ETRI journal},
  volume={30},
  number={5},
  pages={627--633},
  year={2008}
}

@book{vasseur2010interconnecting,
  title={Interconnecting smart objects with ip: The next internet},
  author={Vasseur, Jean-Philippe and Dunkels, Adam},
  year={2010},
  publisher={Morgan Kaufmann}
}

@inproceedings{katasonov2008smart,
  title={Smart semantic middleware for the internet of things},
  author={Katasonov, Artem and Kaykova, Olena and Khriyenko, Oleksiy and Nikitin, Sergiy and Terziyan, Vagan},
  booktitle={Proceedings of the 5-th International Conference on Informatics in Control, Automation and Robotics},
  pages={11--15},
  year={2008}
}

@misc{MQTTV31ProtocolSpec,
  title={MQTT V3.1 Protocol Specification},
  author={International Business Machines Corporation (IBM), Eurotech},
  year={2010}
}

@article{fielding2002principled,
  title={Principled design of the modern Web architecture},
  author={Fielding, Roy T and Taylor, Richard N},
  journal={ACM Transactions on Internet Technology (TOIT)},
  volume={2},
  number={2},
  pages={115--150},
  year={2002},
  publisher={ACM}
}

@article{christin2009wireless,
  title={Wireless sensor networks and the Internet of Things: Selected challenges},
  author={Christin, Delphine and Reinhardt, Andreas and Mogre, Parag S and Steinmetz, Ralf},
  journal={Proceedings of the 8th GI/ITG KuVS Fachgespr{\"a}ch Drahtlose Sensornetze},
  pages={31--34},
  year={2009}
}

@article{culler2004guest,
  title={Guest editors' introduction: overview of sensor networks},
  author={Culler, David and Estrin, Deborah and Srivastava, Mani},
  journal={Computer},
  pages={41--49},
  year={2004},
  publisher={IEEE Computer Society}
}