@article{colitti2011integrating,
  title={Integrating Wireless Sensor Networks with the Web},
  author={Colitti, Walter and Steenhaut, Kris and De Caro, Niccol{\`o}},
  journal={Extending the Internet to Low powerand Lossy Networks (IP+ SN 2011)},
  year={2011}
}

@ARTICLE{6159216, 
author={Bormann, C. and Castellani, A.P. and Shelby, Z.}, 
journal={Internet Computing, IEEE}, title={CoAP: An Application Protocol for Billions of Tiny Internet Nodes}, 
year={2012}, 
volume={16}, 
number={2}, 
pages={62-67}, 
keywords={Internet;transport protocols;HTTP;Internet nodes;Internet of Things;REST architectural style;UDP;constrained application protocol;historical baggage;transfer protocol;IP networks;Internet;Machine intelligence;Protocols;Servers;Service oriented architecture;Wireless sensor networks;6LoWPAN;CoAP;Constrained RESTful Environments (CoRE);Internet of Things;REST;Web of things;constrained nodes and networks;embedded Internet;machine-to-machine (M2M) communication;smart objects;wireless sensor networks}, 
doi={10.1109/MIC.2012.29}, 
ISSN={1089-7801},}

@INPROCEEDINGS{6364271, 
author={Agarwal, S.}, 
booktitle={Communications (ICC), 2012 IEEE International Conference on}, title={Real-time web application roadblock: Performance penalty of HTML sockets}, 
year={2012}, 
pages={1225-1229}, 
keywords={3G mobile communication;Internet;authorisation;cellular radio;hypermedia markup languages;transport protocols;3G cellular data Internet connections;HTML socket streams;HTML5 Web sockets;HTTP proxies;HTTPS protocols;XHR-polling;data payload delivery delay;raw TCP streams;real-time Web application roadblock;security firewalls;Browsers;Delay;HTML;Internet;Protocols;Servers;Sockets}, 
doi={10.1109/ICC.2012.6364271}, 
ISSN={1550-3607},}

@INPROCEEDINGS{6477541, 
author={Mandyam, G.D.}, 
booktitle={Globecom Workshops (GC Wkshps), 2012 IEEE}, title={Power-efficient persistent web-based cellular connectivity}, 
year={2012}, 
pages={40-45}, 
keywords={Internet;cellular radio;radio access networks;transport protocols;TCP connection;Web client;Web services;Web transactions;WebSockets;cellular wireless access;power-efficient persistent Web-based cellular connectivity;protocol;request-response model;two-way communications;Batteries;Browsers;Discharges (electric);Protocols;Servers;Standards;Web services;AJAX;WebSockets;battery life}, 
doi={10.1109/GLOCOMW.2012.6477541},}

@misc{o2005web,
  title={What is web 2.0},
  author={O’reilly, Tim},
  year={2005}
}

@misc{ArchitectWorldWideWebVolumeOne,
  title={Architecture of the World Wide Web, Volume One},
  author={acobs, Ian; Walsh, Norman},
  year={2004}
}

@article{Lewis:2006:WEB:1217666.1217669,
 author = {Lewis, Daniel},
 title = {What is web 2.0?},
 journal = {Crossroads},
 issue_date = {September 2006},
 volume = {13},
 number = {1},
 month = sep,
 year = {2006},
 issn = {1528-4972},
 pages = {3--3},
 numpages = {1},
 url = {http://doi.acm.org/10.1145/1217666.1217669},
 doi = {10.1145/1217666.1217669},
 acmid = {1217669},
 publisher = {ACM},
 address = {New York, NY, USA}
} 

@misc{rfc64552012web,
  title={The Web Socket Protocol},
  author={RFC6455, IETF},
  year={2012},
  publisher={Last viewed Oct}
}

@article{lubbers2010html5,
  title={HTML5 web sockets: A quantum leap in scalability for the web},
  author={Lubbers, Peter and Greco, Frank},
  journal={SOA World Magazine},
  year={2010}
}

@misc{fielding1999hypertext,
  title={Hypertext transfer protocol--HTTP/1.1},
  author={Fielding, Roy and Gettys, Jim and Mogul, Jeffrey and Frystyk, Henrik and Masinter, Larry and Leach, Paul and Berners-Lee, Tim},
  year={1999},
  publisher={RFC 2616, June}
}

@misc{garrett2005ajax,
  title={Ajax: A new approach to web applications},
  author={Garrett, Jesse James and others},
  year={2005}
}

@article{postel2003rfc,
  title={RFC 793: Transmission control protocol, September 1981},
  author={Postel, Jon},
  journal={Status: Standard},
  year={2003}
}

@book{gundavaram1996cgi,
  title={CGI programming on the World Wide Web},
  author={Gundavaram, Shishir},
  year={1996},
  publisher={O'Reilly \& Associates}
}

@article{crockford2006application,
  title={The application/json media type for javascript object notation (json)},
  author={Crockford, Douglas},
  year={2006}
}

@article{masinter2005uniform,
  title={Uniform resource identifier (URI): Generic syntax},
  author={Masinter, Larry and Berners-Lee, Tim and Fielding, Roy T},
  year={2005}
}

@article{hapner2012messagebroker,
  title={The MessageBroker WebSocket Subprotocol},
  author={Hapner, Mark and Suconic, Clebert},
  year={2012}
}

@article{gudginsoap,
  title={SOAP Version 1.2 Part 1: Messaging Framework. W3C Recommendation, 2007},
  author={Gudgin, Martin and Hadley, Marc and Mendelsohn, Noah and Moreau, Jean-Jacques and Nielsen, Henrik Frystyk and Karmarkar, A and Lafon, Y}
}

@article{gudgin2007soap,
  title={SOAP Version 1.2 Part 2: Adjuncts (W3C Recommendation)},
  author={Gudgin, Martin and Hadley, Marc and Mendelsohn, Noah and Moreau, Jean-Jacques and Nielsen, Henrik Frystyk and Karmarkar, A and Lafon, Y},
  journal={World Wide Web Consortium (W3C)},
  year={2007}
}

@article{ashton2009internet,
  title={That ‘Internet of Things’ Thing},
  author={Ashton, Kevin},
  journal={RFiD Journal},
  volume={22},
  pages={97--114},
  year={2009}
}

@article{atzori2010internet,
  title={The internet of things: A survey},
  author={Atzori, Luigi and Iera, Antonio and Morabito, Giacomo},
  journal={Computer Networks},
  volume={54},
  number={15},
  pages={2787--2805},
  year={2010},
  publisher={Elsevier}
}

@article{infso2008networked,
  title={Networked Enterprise \& RFID INFSO G. 2 Micro \& Nanosystems, in co-operation with the Working Group RFID of the ETP EPOSS, Internet of Things in 2020, Roadmap for the Future [R]},
  author={INFSO, D},
  journal={Information Society and Media, Tech. Rep},
  year={2008}
}

@article{sterling2005shaping,
  title={Shaping things},
  author={Sterling, Bruce},
  year={2005},
  publisher={MIT press}
}

@INPROCEEDINGS{Madlmayr:SecurityandPrivacy, 
author={Madlmayr, G. and Langer, J. and Kantner, C. and Scharinger, J.}, 
booktitle={Availability, Reliability and Security, 2008. ARES 08. Third International Conference on}, title={NFC Devices: Security and Privacy}, 
year={2008}, 
month={march}, 
pages={642 -647}, 
keywords={data privacy;near field communication device;security of data;data privacy;security of data;}, 
doi={10.1109/ARES.2008.105}, }

@article{stankovic2008sensor,
  title={When sensor and actuator networks cover the world},
  author={Stankovic, John A},
  journal={ETRI journal},
  volume={30},
  number={5},
  pages={627--633},
  year={2008}
}

@book{vasseur2010interconnecting,
  title={Interconnecting smart objects with ip: The next internet},
  author={Vasseur, Jean-Philippe and Dunkels, Adam},
  year={2010},
  publisher={Morgan Kaufmann}
}

@inproceedings{katasonov2008smart,
  title={Smart semantic middleware for the internet of things},
  author={Katasonov, Artem and Kaykova, Olena and Khriyenko, Oleksiy and Nikitin, Sergiy and Terziyan, Vagan},
  booktitle={Proceedings of the 5-th International Conference on Informatics in Control, Automation and Robotics},
  pages={11--15},
  year={2008}
}

@misc{MQTTV31ProtocolSpec,
  title={MQTT V3.1 Protocol Specification},
  author={International Business Machines Corporation (IBM), Eurotech},
  year={2010}
}

@article{fielding2002principled,
  title={Principled design of the modern Web architecture},
  author={Fielding, Roy T and Taylor, Richard N},
  journal={ACM Transactions on Internet Technology (TOIT)},
  volume={2},
  number={2},
  pages={115--150},
  year={2002},
  publisher={ACM}
}

@article{christin2009wireless,
  title={Wireless sensor networks and the Internet of Things: Selected challenges},
  author={Christin, Delphine and Reinhardt, Andreas and Mogre, Parag S and Steinmetz, Ralf},
  journal={Proceedings of the 8th GI/ITG KuVS Fachgespr{\"a}ch Drahtlose Sensornetze},
  pages={31--34},
  year={2009}
}

@article{culler2004guest,
  title={Guest editors' introduction: overview of sensor networks},
  author={Culler, David and Estrin, Deborah and Srivastava, Mani},
  journal={Computer},
  pages={41--49},
  year={2004},
  publisher={IEEE Computer Society}
}
@article{vermesan2011internet,
  title={Internet of things strategic research roadmap},
  author={Vermesan, Ovidiu and Friess, Peter and Guillemin, Patrick and Gusmeroli, Sergio and Sundmaeker, Harald and Bassi, Alessandro and Jubert, Ignacio Soler and Mazura, Margaretha and Harrison, Mark and Eisenhauer, M and others},
  journal={Internet of Things-Global Technological and Societal Trends},
  pages={9--52},
  year={2011}
}
@article{chui2010internet,
  title={The internet of things},
  author={Chui, Michael and L{\"o}ffler, Markus and Roberts, Roger},
  journal={McKinsey Quarterly},
  volume={2},
  pages={1--9},
  year={2010}
}
@book{comer2008computer,
  title={Computer networks and internets},
  author={Comer, Douglas E},
  year={2008},
  publisher={Prentice Hall Press}
}
@article{postel1981transmission,
  title={Transmission control protocol},
  author={Postel, Jon},
  year={1981}
}
@article{postel1981internet,
  title={Internet protocol},
  author={Postel, Jon},
  year={1981}
}
@article{deering1998internet,
  title={Internet protocol, version 6 (IPv6) specification},
  author={Deering, Stephen E},
  year={1998}
}
@inproceedings{wu2010research,
  title={Research on the architecture of Internet of things},
  author={Wu, Miao and Lu, Ting-Jie and Ling, Fei-Yang and Sun, Jing and Du, Hui-Ying},
  booktitle={Advanced Computer Theory and Engineering (ICACTE), 2010 3rd International Conference on},
  volume={5},
  pages={V5--484},
  year={2010},
  organization={IEEE}
}
@article{smith2011free,
  title={Free pool of ipv4 address space depleted},
  author={Smith, Lucie and Lipner, Ian},
  journal={Online (February 2011), February},
  year={2011}
}
@techreport{reynolds1994assigned,
  title={Assigned numbers},
  author={Reynolds, Joyce and Postel, Jon},
  year={1994},
  institution={STD 2, RFC 1700, October}
}
@article{fieldingrfc,
  title={RFC 2068: Hypertext Transfer Protocol—HTTP/1.1, January 1997},
  author={Fielding, R and Gettys, J and Mogul, J and Frystyk, H and Berners-Lee, T},
  journal={Status: PROPOSED STANDARD}
}
@misc{spero1994analysis,
  title={Analysis of HTTP Performance problems},
  author={Spero, Simon},
  year={1994}
}
@inproceedings{nielsen1997network,
  title={Network performance effects of HTTP/1.1, CSS1, and PNG},
  author={Nielsen, Henrik Frystyk and Gettys, James and Baird-Smith, Anselm and Prud'hommeaux, Eric and Lie, H{\aa}kon Wium and Lilley, Chris},
  booktitle={ACM SIGCOMM Computer Communication Review},
  volume={27},
  number={4},
  pages={155--166},
  year={1997},
  organization={ACM}
}
@book{wang2012definitive,
  title={The Definitive Guide to HTML5 WebSocket},
  author={Wang, Vanessa and Salim, Frank and Moskovits, Peter},
  year={2012},
  publisher={Apress}
}
@article{hickson2009server,
  title={Server-sent events},
  author={Hickson, Ian},
  journal={W3C Working Draft WD-eventsource-20091222, latest version available at< http://www. w3. org/TR/eventsource},
  year={2009}
}
@book{snell2009programming,
  title={Programming Web services with SOAP},
  author={Snell, James and Tidwell, Doug and Kulchenko, Pavel},
  year={2009},
  publisher={O'Reilly Media}
}
@article{booth2007web,
  title={Web services description language (WSDL) version 2.0 part 0: Primer},
  author={Booth, David and Liu, Canyang Kevin},
  journal={W3C Recommendation},
  volume={26},
  year={2007}
}
@article{shelby2013constrained,
  title={Constrained application protocol (coap)},
  author={Shelby, Zach and Hartke, Klaus and Bormann, Carsten},
  year={2013}
}
@inproceedings{Pautasso:2008:RWS:1367497.1367606,
 author = {Pautasso, Cesare and Zimmermann, Olaf and Leymann, Frank},
 title = {Restful web services vs. "big"' web services: making the right architectural decision},
 booktitle = {Proceedings of the 17th international conference on World Wide Web},
 series = {WWW '08},
 year = {2008},
 isbn = {978-1-60558-085-2},
 location = {Beijing, China},
 pages = {805--814},
 numpages = {10},
 url = {http://doi.acm.org/10.1145/1367497.1367606},
 doi = {10.1145/1367497.1367606},
 acmid = {1367606},
 publisher = {ACM},
 address = {New York, NY, USA},
 keywords = {HTTP, REST, SOAP, WS-* vs. REST, WSDL, architectural decision modeling, resource oriented architectures, service oriented architectures, technology comparison, web services},
} 
@article{rodriguez2008restful,
  title={Restful web services: The basics},
  author={Rodriguez, Alex},
  journal={Online article in IBM DeveloperWorks Technical Library},
  volume={36},
  year={2008}
}
@article{srinivasan1995rpc,
  title={RPC: Remote procedure call protocol specification version 2},
  author={Srinivasan, Raj},
  year={1995}
}
@inproceedings{francesco2012storage,
  title={A Storage Infrastructure for Heterogeneous and Multimedia Data in the Internet of Things},
  author={Francesco, Mario Di and Li, Na and Raj, Mayank and Das, Sajal K},
  booktitle={Green Computing and Communications (GreenCom), 2012 IEEE International Conference on},
  pages={26--33},
  year={2012},
  organization={IEEE}
}
@article{dierks2008rfc,
  title={Rfc 5246: The transport layer security (tls) protocol},
  author={Dierks, T and Rescorla, E},
  journal={The Internet Engineering Task Force},
  year={2008}
}
@article{hammer2010oauth,
  title={The oauth 1.0 protocol},
  author={Hammer-Lahav, Eran},
  year={2010}
}